@online{de1soc,
    author={{Terasic}},
    title={{DE1-SoC Board}},
    type={{Device Webpage}},
    url={https://www.terasic.com.tw/cgi-bin/page/archive.pl?Language=English&CategoryNo=165&No=836}
}
@online{cyclone,
    author={{Intel/Altera Corporation}},
    title={{Cyclone V SE SoC FPGA}},
    type={{Device Webpage}},
    url={https://www.intel.com/content/www/us/en/products/details/fpga/cyclone/v/se.html}
}
@manual{nucleo,
    author={{STMicroelectronics}},
    title={{Nucleo-64 Development Board with STM32F401RE MCU}},
    date={2015},
    month={1},
    type={Datasheet},
    url={https://www.st.com/resource/en/datasheet/stm32f401re.pdf}
}
@manual{ad7928,
    author={{Analog Devices}},
    title={{AD7928 8-Channel, 1 MSPS, 12-Bit ADC with Sequencer in 20-Lead TSSOP}},
    version={E},
    type={Datasheet},
    url={https://www.analog.com/media/en/technical-documentation/data-sheets/AD7908_7918_7928.pdf}
}
@manual{ltc2308,
    author={{Linear Technology Corporation}},
    title={{LTC2308 Low Noise, 500ksps, 8-Channel, 12-Bit ADC}},
    version={C},
    type={Datasheet},
    url={https://www.analog.com/media/en/technical-documentation/data-sheets/2308fc.pdf}
}
@manual{ps2_controller,
    author={{IBM Corporation}},
    title={{Personal System/2 Hardware Interface Technical Reference}},
    chapter={{Keyboard and Auxiliary Device Controller}},
    date={1990},
    month={10},
    url={http://www.mcamafia.de/pdf/ibm_hitrc07.pdf}
}
@manual{ps2_device,
    author={{IBM Corporation}},
    title={{Personal System/2 Hardware Interface Technical Reference}},
    chapter={{Keyboard 101- and 102-Key}},
    date={1990},
    month={10},
    url={http://www.mcamafia.de/pdf/ibm_hitrc11.pdf}
}
@manual{fpga_mem,
    author={{Intel Corporation}},
    title={{Embedded Memory (RAM: 1-PORT, RAM: 2-PORT, ROM: 1-PORT, and ROM: 2-PORT) User Guide}},
    url={https://www.intel.com/content/www/us/en/docs/programmable/683240/17-0/about-embedded-memory-ip-cores.html}
}
@manual{l6506,
    author={{STMicroelectronics}},
    title={{L6505 Current Controller For Stepping Motors}},
    date={2003},
    month={7},
    type={Datasheet},
    url={https://www.st.com/resource/en/datasheet/l6506.pdf}
}
@manual{l298,
    author={{STMicroelectronics}},
    title={{L298 Dual Full-Bridge Driver}},
    date={2023},
    month={10},
    type={Datasheet},
    url={https://www.st.com/resource/en/datasheet/l298.pdf}
}
@manual{stepp,
    author={{Stepperonline}},
    title={{17HE15-1504S E-Series Nema 17 Bipolar Stepper Motor}},
    date={2023},
    month={5},
    type={Datasheet},
    url={https://www.omc-stepperonline.com/index.php?route=product/product/get_file&file=2838/17HE15-1504S_Full_Datasheet.pdf}
}
@manual{pwr,
    author={{Mean Well Enterprises}},
    title={{LRS-50-12 50W Single Output Switching Power Supply}},
    date={2024},
    month={2},
    type={Datasheet},
    url={https://www.meanwell-web.com/content/files/pdfs/productPdfs/MW/LRS-50/LRS-50-spec.pdf}
}
@manual{xsd_hs,
    author={{XSD}},
    title={{6063-T5 Aluminum Heatsink}},
    date={2017},
    month={3},
    type={Datasheet},
    url={https://www.lcsc.com/datasheet/lcsc_datasheet_1811100911_XSD-30-30-25-2P_C32487.pdf}
}
@manual{sb260,
    author={{Vishay General Semiconductor}},
    title={{SB260 Schottky Barrier Plastic Rectifier}},
    date={2020},
    month={4},
    type={Datasheet},
    url={https://www.vishay.com/docs/88717/sb220.pdf}
}
@manual{rsense,
    author={{Anhui Vico Technologes}},
    title={{Metal Film Fixed Resistors}},
    date={2019},
    month={12},
    type={Datasheet},
    url={https://www.lcsc.com/datasheet/lcsc_datasheet_2409272302_VO-MF2WS-0R68-1--6T63_C2903178.pdf}
}
@online{cubemx,
    author={{STMicroelectronics}},
    title={{STM32CubeMX Initialization Code Generator}},
    type={{Software Development Tool}},
    url={https://www.st.com/en/development-tools/stm32cubemx.html}
}
@manual{UM1725,
    author={{STMicroelectronics}},
    title={{Description of STM32F4 HAL and low-layer drivers}},
    date={2023},
    month={03},
    type={User Manual},
    url={https://www.st.com/resource/en/user_manual/um1725-description-of-stm32f4-hal-and-lowlayer-drivers-stmicroelectronics.pdf}
}